@article{gehlaut2002freely,
	title={A ``Freely Coasting" Universe},
	author={Gehlaut, Savita and Mukherjee, A and Mahajan, S and Lohiya, D},
	journal={arXiv preprint astro-ph/0209209},
	year={2002}
}

@article{kumar2016new,
	title={A New Class of Cosmologically `Viable' ${f(R)}$ Models},
	author={Kumar, Rohin},
	journal={arXiv preprint arXiv:1611.03728},
	year={2016}
}

@article{melia2012rh,
	title={The ${R_h= ct}$ universe},
	author={Melia, Fulvio and Shevchuk, ASH},
	journal={Monthly Notices of the Royal Astronomical Society},
	volume={419},
	number={3},
	pages={2579--2586},
	year={2012},
	publisher={Oxford University Press}
}

@article{nielsen2015marginal,
	title={Marginal evidence for cosmic acceleration from Type Ia supernovae},
	author={Nielsen, Jeppe Tr{\o}st and Guffanti, Alberto and Sarkar, Subir},
	journal={arXiv preprint arXiv:1506.01354},
	year={2015}
}

